<record><leader>00000cas a2200000 a 4500</leader><controlfield tag="001">36667638</controlfield><controlfield tag="008">970402d19641967nyuwr ne      0    0eng c</controlfield><datafield ind1=" " ind2=" " tag="010"><subfield code="a">sn 97063626 </subfield></datafield><datafield ind1=" " ind2=" " tag="040"><subfield code="a">NYS</subfield><subfield code="b">eng</subfield><subfield code="c">NYS</subfield><subfield code="d">OCLCQ</subfield><subfield code="d">OCLCF</subfield><subfield code="d">OCLCO</subfield></datafield><datafield ind1="1" ind2=" " tag="029"><subfield code="a">AU@</subfield><subfield code="b">000013335422</subfield></datafield><datafield ind1=" " ind2=" " tag="042"><subfield code="a">pcc</subfield></datafield><datafield ind1=" " ind2=" " tag="043"><subfield code="a">n-us-ny</subfield></datafield><datafield ind1="0" ind2=" " tag="130"><subfield code="a">Bellmore home news (Bellmore, N.Y. : 1964)</subfield></datafield><datafield ind1="1" ind2="4" tag="245"><subfield code="a">The Bellmore home news.</subfield></datafield><datafield ind1=" " ind2=" " tag="260"><subfield code="a">Bellmore, N.Y. :</subfield><subfield code="b">Bellmore Home News,</subfield><subfield code="c">1964-1967.</subfield></datafield><datafield ind1=" " ind2=" " tag="300"><subfield code="a">v. :</subfield><subfield code="b">ill.</subfield></datafield><datafield ind1=" " ind2=" " tag="310"><subfield code="a">Weekly</subfield></datafield><datafield ind1="0" ind2=" " tag="362"><subfield code="a">Vol. 1, no. 35 (Feb. 7, 1964)- ; -v. 31, no. 9 (Aug. 18, 1967).</subfield></datafield><datafield ind1=" " ind2=" " tag="500"><subfield code="a">Covering Bellmore, North Bellmore, Bellmore Harbor and Central High School District 3.</subfield></datafield><datafield ind1=" " ind2="0" tag="651"><subfield code="a">Bellmore (N.Y.)</subfield><subfield code="v">Newspapers.</subfield></datafield><datafield ind1=" " ind2="0" tag="651"><subfield code="a">Nassau County (N.Y.)</subfield><subfield code="v">Newspapers.</subfield></datafield><datafield ind1=" " ind2="7" tag="655"><subfield code="a">Newspapers.</subfield><subfield code="2">fast</subfield><subfield code="0">(OCoLC)fst01423814</subfield></datafield><datafield ind1=" " ind2="7" tag="651"><subfield code="a">New York (State)</subfield><subfield code="z">Bellmore.</subfield><subfield code="2">fast</subfield><subfield code="0">(OCoLC)fst01221345</subfield></datafield><datafield ind1=" " ind2="7" tag="651"><subfield code="a">New York (State)</subfield><subfield code="z">Nassau County.</subfield><subfield code="2">fast</subfield><subfield code="0">(OCoLC)fst01205518</subfield></datafield><datafield ind1=" " ind2=" " tag="752"><subfield code="a">United States</subfield><subfield code="b">New York</subfield><subfield code="c">Nassau</subfield><subfield code="d">Bellmore.</subfield></datafield><datafield ind1="0" ind2="0" tag="780"><subfield code="t">Bellmore home news and east end home news</subfield><subfield code="w">(DLC)sn 95071015</subfield><subfield code="w">(OCoLC)31686464</subfield></datafield><datafield ind1="0" ind2="0" tag="785"><subfield code="t">Bellmore-Merrick home news</subfield><subfield code="w">(DLC)sn 97063625</subfield><subfield code="w">(OCoLC)36667820</subfield></datafield></record>